
@article{knuth_mathematical_2011,
	title = {Mathematical Vanity Plates},
	volume = {33},
	issn = {0343-6993, 1866-7414},
	url = {http://link.springer.com/10.1007/s00283-010-9170-7},
	doi = {10.1007/s00283-010-9170-7},
	pages = {33--45},
	number = {1},
	journaltitle = {The Mathematical Intelligencer},
	author = {Knuth, Donald E.},
	urldate = {2018-06-21},
	date = {2011-03},
	langid = {english}
}


@book{labarthe_epidemiology_2011,
	location = {Sudbury, Mass},
	edition = {2nd ed},
	title = {Epidemiology and prevention of cardiovascular diseases: a global challenge},
	isbn = {978-0-7637-4689-6 0-7637-4689-4},
	shorttitle = {Epidemiology and prevention of cardiovascular diseases},
	pagetotal = {709},
	publisher = {Jones and Bartlett Publishers},
	author = {Labarthe, Darwin},
	date = {2011},
	keywords = {Cardiovascular Diseases, Cardiovascular System, Diseases Epidemiology, Diseases Etiology, Diseases Prevention, Epidemiology, prevention \& control}
}